@book{Boldrini,
    author = {Boldrini, J. L. and Costa, S. I. R. and Figueiredo, V. L. and Wetzler, H. G.},
    title = {Álgebra Linear}, 
    edition = {3a. ed.},
    publisher = {Harbra}, 
    address = {São Paulo}, 
    year = {1986},
    isbn = {9788529402024}
    }

@article{Cuminato,
  author= {Cuminato, J. A. and Ruas, V.},
  title = {Unification of distance inequalities for linear variational problems}, 
  journal = {Computational and Applied Mathematics},
  number = {34},
  year = {2014},
  pages = {1009--1033},
  doi = {10.1007/s40314-014-0163-6}
}

@article{Contiero,
  author = {Contiero, L. O. and Hoppen, C. and Lefmann, H. and Odermann, K},
  title = {Rainbow {E}rdös--{R}othschild Problem for the Fano Plane},
  journal = {SIAM Journal on Discrete Mathematics},
  year = {2021},
  note = {Aceito},
  doi = {10.1137/20M136325X}
  }
 
@incollection{daSilva,
  author = {Da Silva, P. L. and Freire, I. L.},
  title = {On the group analysis of a modified Novikov equation}, 
  booktitle = {Interdisciplinary Topics in Applied Mathematics, Modeling and Computational Science, Springer Proceedings in Mathematics and Statistics}, 
  editor = {Cojocaru, M. and Kotsireas, I. and Makarov, R. and Melnik, R. and Shodiev, H.},
  publisher = {Springer},
  volume = {117},
  chapter = {23},
  pages = {161--166},
  year = {2015},
  doi = {10.1007/978-3-319-12307-3_23}
}

@mastersthesis{Diniz,
  author = {Diniz, G. L.},
  title = {A mudança no habitat de populações de peixes: de rio a represa - o modelo matemático},
  school = {Unicamp},
  year = {1994}
}

@book{Gomes,
  author = {Gomes, L. T. and Barros, L. C. and Bede, B.},
  title = {Fuzzy differential equation in various approaches}, 
  series = {Springer Briefs in Mathematics},
  publisher = {SBMAC - Springer},
  year = {2015},
  isbn = {978-3-319-22575-3}
}

@phdthesis{Mallet,
  author = {Mallet, S. M.},
  title = {Análise Numérica de Elementos Finitos},
  school = {LNCC/MCTI},
  year = {1990}
}

@inproceedings{Santos,
  author = {Santos, I. L. D. and Silva, G. N.},
  title = {Uma classe de problemas de controle ótimo em escalas temporais},
  booktitle = {Proceeding Series of the Brazilian Society of Computational and 
    Applied Mathematics},
  year = {2013},
  pages = {010177-1--6},
  doi = {10.5540/03.2013.001.01.0177}
}

@misc{CNMAC,
  author = {SBMAC},
  title = {Site oficial do Congresso Nacional de Matemática Aplicada},
  howpublished = {Online},
  note = {Acessado em 08/12/2021, \url{http://www.cnmac.org.br}}
}